<?xml version="1.0" encoding="UTF-8"?><collection xmlns="http://www.loc.gov/MARC21/slim"><record><leader>00440nam--2200157-i-4500</leader><controlfield tag="001">000000017</controlfield><controlfield tag="002">20161230</controlfield><controlfield tag="005">20170117132054</controlfield><controlfield tag="008">060222s1000------------r-----000-0-eng-d</controlfield><datafield ind1=" " ind2=" " tag="080"><subfield code="a">621.38(075)</subfield></datafield><datafield ind1=" " ind2=" " tag="100"><subfield code="a">Gheorghe, Victor</subfield></datafield><datafield ind1=" " ind2=" " tag="245"><subfield code="a">Dispozitive si circuite electronice. Partea I-a: Circuite electrice</subfield><subfield code="c">Victor Gheorghe</subfield></datafield><datafield ind1=" " ind2=" " tag="260"><subfield code="a">Bucuresti</subfield><subfield code="b">Universitate</subfield></datafield><datafield ind1=" " ind2=" " tag="300"><subfield code="a">116P</subfield></datafield><datafield ind1=" " ind2=" " tag="852"><subfield code="a">79681</subfield><subfield code="c">621.38</subfield></datafield><datafield ind1=" " ind2=" " tag="CAT"><subfield code="a">SYS</subfield><subfield code="c">20170117</subfield><subfield code="h">132054</subfield></datafield></record></collection>